<?xml version="1.0" encoding="UTF-8" ?>
<marc:record xmlns:marc="http://www.loc.gov/MARC21/slim">
<marc:leader>01518cam a2200289   4500</marc:leader>
<marc:controlfield tag="001">98458</marc:controlfield>

<marc:controlfield tag="008">890224s1855            Lb     000  eng  </marc:controlfield>

<marc:datafield tag="035" ind1=" " ind2=" ">
<marc:subfield code="a">(Sirsi) 98458</marc:subfield>
</marc:datafield>

<marc:datafield tag="110" ind1="2" ind2=" ">
<marc:subfield code="a">British Museum.</marc:subfield>
<marc:subfield code="b">Department of Zoology.</marc:subfield>
<marc:subfield code="b">[Insects].</marc:subfield>
<marc:subfield code="b">[Hymenoptera].</marc:subfield>
</marc:datafield>

<marc:datafield tag="245" ind1="1" ind2="0">
<marc:subfield code="a">Catalogue of British Hymenoptera in the collection of the British Museum.</marc:subfield>
<marc:subfield code="n">Part I,</marc:subfield>
<marc:subfield code="p">Apidae - Bees /</marc:subfield>
<marc:subfield code="c">by Frederick Smith.</marc:subfield>
</marc:datafield>

<marc:datafield tag="260" ind1=" " ind2=" ">
<marc:subfield code="a">London,</marc:subfield>
<marc:subfield code="c">1855.</marc:subfield>
</marc:datafield>

<marc:datafield tag="300" ind1=" " ind2=" ">
<marc:subfield code="a">252 p. :</marc:subfield>
<marc:subfield code="b">[11] leaves of plates ;</marc:subfield>
<marc:subfield code="c">18 cm.</marc:subfield>
</marc:datafield>

<marc:datafield tag="591" ind1=" " ind2=" ">
<marc:subfield code="a">One Ent. Lib. Hym. copy is interleaved copy, with MS. notes by the author.</marc:subfield>
</marc:datafield>

<marc:datafield tag="500" ind1=" " ind2=" ">
<marc:subfield code="a">A second title-page has been prefixed, which reads: Monograph of the bees of Great Britain</marc:subfield>
</marc:datafield>

<marc:datafield tag="591" ind1=" " ind2=" ">
<marc:subfield code="a">General Library copy bound with 1858 Catalogue of British fossorial hymenoptera, formicidae, and vespidae in the collection of the British Museum.</marc:subfield>
</marc:datafield>

<marc:datafield tag="592" ind1=" " ind2=" ">
<marc:subfield code="a">Scanned for Darwin Library and BHL</marc:subfield>
</marc:datafield>

<marc:datafield tag="596" ind1=" " ind2=" ">
<marc:subfield code="a">2 4</marc:subfield>
</marc:datafield>

<marc:datafield tag="700" ind1="1" ind2=" ">
<marc:subfield code="a">Smith, Frederick,</marc:subfield>
<marc:subfield code="d">1805-1879.</marc:subfield>
</marc:datafield>

<marc:datafield tag="740" ind1=" " ind2=" ">
<marc:subfield code="a">Monograph of the bees of Great Britain.</marc:subfield>
</marc:datafield>

<marc:datafield tag="248" ind1="1" ind2="0">
<marc:subfield code="g">Pt.I.</marc:subfield>
<marc:subfield code="h">Apidae - bees</marc:subfield>
</marc:datafield>

<marc:controlfield tag="001">Catkey 292625</marc:controlfield>

<marc:datafield tag="590" ind1="1" ind2=" ">
<marc:subfield code="a">Itemid 203801</marc:subfield>
</marc:datafield>

<marc:datafield tag="590" ind1="1" ind2=" ">
<marc:subfield code="a">Itemid 421783</marc:subfield>
</marc:datafield>

<marc:datafield tag="590" ind1="1" ind2=" ">
<marc:subfield code="a">Itemid 421784</marc:subfield>
</marc:datafield>

<marc:datafield tag="999" ind1=" " ind2=" ">
<marc:subfield code="a">HYMENOPTERA B.20</marc:subfield>
<marc:subfield code="w">ALPHANUM</marc:subfield>
<marc:subfield code="c">1</marc:subfield>
<marc:subfield code="i">203801</marc:subfield>
<marc:subfield code="d">6/5/1999</marc:subfield>
<marc:subfield code="l">SHELVES</marc:subfield>
<marc:subfield code="m">ENTOMOLOGY</marc:subfield>
<marc:subfield code="r">Y</marc:subfield>
<marc:subfield code="s">Y</marc:subfield>
<marc:subfield code="t">BOOK</marc:subfield>
<marc:subfield code="u">27/3/1998</marc:subfield>
<marc:subfield code="x">HYMENOP</marc:subfield>
<marc:subfield code="z">OCTAVO</marc:subfield>
</marc:datafield>

<marc:datafield tag="999" ind1=" " ind2=" ">
<marc:subfield code="a">OFFICIAL PRESS BM Eb 27A d BRI</marc:subfield>
<marc:subfield code="w">ALPHANUM</marc:subfield>
<marc:subfield code="c">1</marc:subfield>
<marc:subfield code="i">421784</marc:subfield>
<marc:subfield code="d">5/5/1999</marc:subfield>
<marc:subfield code="l">SHELVES</marc:subfield>
<marc:subfield code="m">GENERAL</marc:subfield>
<marc:subfield code="r">Y</marc:subfield>
<marc:subfield code="s">Y</marc:subfield>
<marc:subfield code="t">BOOK</marc:subfield>
<marc:subfield code="u">2/5/1995</marc:subfield>
<marc:subfield code="x">OFFICIAL</marc:subfield>
<marc:subfield code="z">OCTAVO</marc:subfield>
</marc:datafield>

<marc:datafield tag="999" ind1=" " ind2=" ">
<marc:subfield code="a">DC HYMENOPTERA B.20</marc:subfield>
<marc:subfield code="w">ALPHANUM</marc:subfield>
<marc:subfield code="c">1</marc:subfield>
<marc:subfield code="i">000033180</marc:subfield>
<marc:subfield code="k">DARWIN_CTR</marc:subfield>
<marc:subfield code="l">SHELVES</marc:subfield>
<marc:subfield code="m">ENTOMOLOGY</marc:subfield>
<marc:subfield code="r">Y</marc:subfield>
<marc:subfield code="s">Y</marc:subfield>
<marc:subfield code="t">BOOK</marc:subfield>
<marc:subfield code="u">24/6/2010</marc:subfield>
<marc:subfield code="x">HYMENOP</marc:subfield>
<marc:subfield code="z">OCTAVO</marc:subfield>
</marc:datafield>

</marc:record>